@inproceedings{inproceedings,
author = {Pantoja, Carlos and Lazarin, Nilson},
year = {2015},
month = {06},
pages = {},
title = {A Robotic-agent Platform for Embedding Software Agents Using Raspberry Pi and Arduino Boards}
}