%argo
@inproceedings{pantoja2016argo,
  title={Argo: An extended jason architecture that facilitates embedded robotic agents programming},
  author={Pantoja, Carlos Eduardo and Stabile Jr, Marcio Fernando and Lazarin, Nilson Mori and Sichman, Jaime Sim{\~a}o},
  booktitle={International workshop on engineering multi-agent systems},
  pages={136--155},
  year={2016},
  organization={Springer}
}

%javino
@inproceedings{lazarin2015robotic,
  title={A robotic-agent platform for embedding software agents using raspberry pi and arduino boards},
  author={Lazarin, Nilson Mori and Pantoja, Carlos Eduardo},
  booktitle={Workshop-Escola de Sistemas de Agentes, seus Ambientes e Aplica{\c{c}}{\~o}es (WESAAC)},
  pages={13--20},
  year={2015},
  organization={SBC}
}

%multiagentes
@article{cardoso2021review,
  title={A review of agent-based programming for multi-agent systems},
  author={Cardoso, Rafael C and Ferrando, Angelo},
  journal={Computers},
  volume={10},
  number={2},
  pages={16},
  year={2021},
  publisher={MDPI}
}

@inproceedings{inproceedings,
author = {Pantoja, Carlos and Lazarin, Nilson},
year = {2015},
month = {06},
pages = {},
title = {A Robotic-agent Platform for Embedding Software Agents Using Raspberry Pi and Arduino Boards}
}

@article{CamiloJunior2009,
  author    = {Celso Gonçalves Camilo Junior and Reinaldo Gonçalves Nogueira and Cássio Dener Noronha Vinhal},
  title     = {Inteligência Artificial Distribuída: conhecendo para aplicar},
  journal   = {Revista Estudos - Revista de Ciências Ambientais e Saúde (EVS)},
  volume    = {35},
  number    = {2},
  pages     = {247--256},
  year      = {2009},
  month     = mar,
  doi       = {10.18224/est.v35i2.644},
  url       = {https://seer.pucgoias.edu.br/index.php/estudos/article/view/644},
  abstract  = {Inteligência artificial é uma área que chama atenção pela ousadia de implementar inteligência em seres não biológicos. No entanto, ao longo da história, criaram-se mitos causados por exageros a respeito de suas funcionalidades e aplicações, que, por consequência, geraram desconfianças. Com o intuito de levantar informações sobre a ciência Inteligência Artificial e sua disciplina Inteligência Artificial Distribuída, este artigo foi concebido. Algumas características, como o histórico, a disciplina Inteligência Artificial Distribuída e sua divisão, a infraestrutura que envolve aplicações nesta área e, por final, o estado da arte, serão apresentadas.},
  address   = {Goiânia, Brasil}
}

@book{10.5555/30560,
editor = {Weiss, Gerhard},
title = {Multiagent systems: a modern approach to distributed artificial intelligence},
year = {1999},
isbn = {0262232030},
publisher = {MIT Press},
address = {Cambridge, MA, USA}
}


@InProceedings{ArgoAgent,
	author="Pantoja, Carlos Eduardo and Stabile, M{\'a}rcio Fernando and Lazarin, Nilson Mori and Sichman, Jaime Sim{\~a}o",
	editor="Baldoni, Matteo and M{\"u}ller, J{\"o}rg P. and Nunes, Ingrid and Zalila-Wenkstern, Rym",
	title="{ARGO: An Extended Jason Architecture that Facilitates Embedded Robotic Agents Programming}",
	booktitle="Engineering Multi-Agent Systems",
	year="2016",
	publisher="Springer International Publishing",
	address="Cham",
	pages="136--155",
	isbn="978-3-319-50983-9",
        doi="10.1007/978-3-319-50983-9_8"
}

@inproceedings{inproceedings,
author = {Pantoja, Carlos and Junior, Márcio and Lazarin, Nilson and Sichman, Jaime},
year = {2016},
month = {05},
pages = {},
title = {ARGO: A Customized Jason Architecture for Programming Embedded Robotic Agents}
}

@inproceedings{javino,
	address = {Niteroi - RJ},
	title = {A robotic-agent platform for embedding software agents using raspberry pi and arduino boards},
	url = {http://www2.ic.uff.br/~wesaac2015/Proceedings-WESAAC-2015.pdf},
	booktitle = {Proceedings of 9th Software Agents, Environments and Applications School (WESAAC 2015)},
	publisher = {UFF},
	author = {Lazarin, Nilson Mori and Pantoja, Carlos Eduardo},
	year = {2015},
	pages = {13--20},
	note = {ISSN: 2177-2096},
}
@misc{trabalho1,
    author = {Ali, M.M., Haxha, S., Alam, M.M. et al.},
    title = {Design of Internet of Things (IoT) and Android Based Low Cost Health Monitoring Embedded System Wearable Sensor for Measuring SpO2, Heart Rate and Body Temperature Simultaneously.},
    year      = {2020},
    url       = {https://doi.org/10.1007/s11277-019-06995-7/},
    urldate   = {2025-02-02},
}
@INPROCEEDINGS{10783228,
  author={Tortosa-Soriano, Alex and Zaragoza-Esquerdo, Miguel and Sendra, Sandra and Lloret, Jaime and Belda-Ramirez, Jose},
  booktitle={2024 4th International Conference on Embedded & Distributed Systems (EDiS)}, 
  title={Low-Cost Embedded System to Measure Pulse and Oximetry}, 
  year={2024},
  volume={},
  number={},
  pages={177-182},
  keywords={Pulse oximeter;Patient monitoring;Embedded systems;Pulse measurements;Fingers;Medical services;Sensors;Proposals;Embedded system;pulse oximeter;health sensors;wireless communications;medical record;human monitoring},
  doi={10.1109/EDiS63605.2024.10783228}}

%hipoxemia
@article{fortis2000hipoxemia,
  title={Hipoxemia e hip{\'o}xia per-operat{\'o}ria: conceito, diagn{\'o}stico, mecanismos, causas e fluxograma de atendimento},
  author={Fortis, Elaine Aparecida Felix and Nora, Fernando Squeff},
  journal={Rev Bras Anestesiol},
  volume={50},
  number={4},
  pages={317--29},
  year={2000}
}

@article{toffaletti2007misconceptions,
  title={Misconceptions in reporting oxygen saturation},
  author={Toffaletti, John and Zijlstra, Willem G},
  journal={Anesthesia \& Analgesia},
  volume={105},
  number={6},
  pages={S5--S9},
  year={2007},
  publisher={LWW}
}

% esse aaqui fala das formas de coleta de SPo2
     Provided that haemoglobin and circulatory 
    function are normal, a patient’s arterial oxygen 
    saturation (measured either directly on arterial 
    blood, (SaO2
    ), or estimated by pulse oximetry, 
    (SpO2
    )) gives information about the amount of oxy
 gen that is available to the metabolising tissues.
% também indica os efeitos da deficiência
    Paradoxically, however, a very high PaO2
    may 
    reduce oxygen delivery to the tissues due to other 
    physiological effects such as vasoconstriction or 
    reduction in cardiac output [2].
%classifica os métodos em invasivo e não envasivo
@article{collins2015relating,
  title={Relating oxygen partial pressure, saturation and content: the haemoglobin--oxygen dissociation curve},
  author={Collins, Julie-Ann and Rudenski, Aram and Gibson, John and Howard, Luke and O’Driscoll, Ronan},
  journal={Breathe},
  volume={11},
  number={3},
  pages={194--201},
  year={2015},
  publisher={European Respiratory Society}
}

%buscar oxigenoterapia, tratamento para hipoxemicos

$chonIDE
@inproceedings{siqueira2024analise,
  title={An{\'a}lise Comparativa de um Prot{\'o}tipo de IDE para Desenvolvimento de SMA Embarcados},
  author={Siqueira, Elaine Maria Pereira and Ramos, Gabriel and Raboni, Th{\'a}cito and Pantoja, Carlos Eduardo and Lazarin, Nilson Mori},
  booktitle={Workshop-Escola de Sistemas de Agentes, seus Ambientes e Aplica{\c{c}}{\~o}es (WESAAC)},
  pages={85--95},
  year={2024},
  organization={SBC}
}

@article{limamodularized,
  title={A Modularized and Reusable Architecture for an Embedded MAS IDE},
  author={Lima, Gabriel Ramos Alves and Siqueira, Elaine Maria Pereira and Medeiros, Th{\'a}cito R Costa and Pantoja, Carlos Eduardo and Lazarin, Nilson Mori and Viterbo, Jos{\'e}}
}

@inproceedings{wesaac,
 author = {Tielle Alexandre and Carlos Pantoja and Flávia Bernadini},
 title = { Investigação de Modelos Organizacionais para a Criação de Máquinas Éticas},
 booktitle = {Anais do XVIII Workshop-Escola de Sistemas de Agentes, seus Ambientes e Aplicações},
 location = {Brasília/DF},
 year = {2024},
 keywords = {},
 issn = {2326-5434},
 pages = {150--155},
 publisher = {SBC},
 address = {Porto Alegre, RS, Brasil},
 doi = {10.5753/wesaac.2024.33466},
 url = {https://sol.sbc.org.br/index.php/wesaac/article/view/33466}
}


%trabalhos relacionados
@article{bhuyan2021designing,
  title={Designing, implementing, and testing of a microcontroller and IoT-based pulse oximeter device},
  author={Bhuyan, Muhibul Haque and Sheikh, Mashuk},
  journal={IOSR Journal of Electrical and Electronics Engineering (IOSR-JEEE), ISSN: e-2278-1676, p-2320-3331},
  volume={16},
  number={5},
  pages={38--48},
  year={2021}
}

@inproceedings{hidayat2020designing,
  title={Designing IoT-based independent pulse oximetry kit as an early detection tool for Covid-19 symptoms},
  author={Hidayat, Alfin and Wardhany, Vivien Arief and Nugroho, Ajie Setyo and Hakim, Sofyan and Jhoswanda, Mirtha and Syamsiana, Ika Noer and Agustina, Nur Anis and others},
  booktitle={2020 3rd international conference on computer and informatics engineering (IC2IE)},
  pages={443--448},
  year={2020},
  organization={IEEE}
}

@article{ganesh2022iot,
  title={IOT based portable heart rate and SpO2 pulse oximeter},
  author={Ganesh, Kakumanu Vamsi Sree Sai and Jeyanth, SP Shibu and Bevi, A Ruhan},
  journal={HardwareX},
  volume={11},
  pages={e00309},
  year={2022},
  publisher={Elsevier}
}

@article{kadarinaMonitoringHeartRate2018,
  title = {Monitoring Heart Rate and {{SpO2}} Using {{Thingsboard IoT}} Platform for Mother and Child Preventive Healthcare},
  author = {Kadarina, T M and Priambodo, R},
  year = {2018},
  month = nov,
  journal = {IOP Conference Series: Materials Science and Engineering},
  volume = {453},
  number = {1},
  pages = {012028},
  publisher = {IOP Publishing},
  issn = {1757-899X},
  doi = {10.1088/1757-899X/453/1/012028},
  url = {https://dx.doi.org/10.1088/1757-899X/453/1/012028},
  urldate = {2025-09-07},
  abstract = {This paper describes the development of heart rate and oxygen saturation (SpO2) monitoring system using Thingsboard Internet of Things (IoT) platform. This research is part of development of IoT application for supporting mother and child health program in Indonesia. This IoT-based real time monitoring system enables preventive care and promotes automation to reduce the risk of human error. Measurement of heart rate and SpO2 is done by pulse oximetry method using sensor module and Raspberry Pi. The Arduino-based sensor module collects, calculates and sends heart rate and SpO2 data to Raspberry Pi for further analysis based on normal value reference table to detect abnormalities. Further heart rate, SpO2 and its abnormality status are delivered to Thingsboard using MQTT (Message Queuing Telemetry Transport) protocol. The results show that the system is functioned as expected. Heart rate value (in beat per minute) and SpO2 value (in percent) are presented while Photoplethysmogram signal (PPG) is presented as graphic on Thingsboard dashboard. The abnormalities status such as tachycardia, bradycardia and hypoxsemia are also featured on the dashboard. We also calculate uncertainty measurement of heart rate and SpO2 by the sensor module which are {\textpm}2.85 bpm and {\textpm}0.28\%.},
  langid = {english},
  file = {C:\Users\User\Zotero\storage\AT2WE735\Kadarina e Priambodo - 2018 - Monitoring heart rate and SpO2 using Thingsboard IoT platform for mother and child preventive health.pdf}
}

@misc{immichCapacitacaoEmOxigenoterapia2023,
  title = {Capacita{\c c}{\~a}o Em Oxigenoterapia No Ambiente Hospitalar: Um Estudo de Pr{\'e} e P{\'o}s-Teste},
  author = {Immich, Alan},
  year = {2023},
  month = dec,
  url = {https://repositorio.ufsc.br/handle/123456789/253120},
  urldate = {2025-09-07},
  file = {C:\Users\User\Zotero\storage\KWWRIUE9\253120.html}
}

